@article{wang2018gene,
  title={gene expression analyses identify a relationship between stanniocalcin 2 and the malignant behavior of colorectal cancer},
  author={Wang, Jian and Sahengbieke, Sana and Xu, Xiaoping and Zhang, Lei and Xu, Xiaoming and Sun, Lifeng and Deng, Qun and Wang, Da and Chen, Dong and Pan, Yuan and others},
  journal={OncoTargets and therapy},
  volume={11},
  pages={7155},
  year={2018},
  publisher={Dove Press}
}

@misc{project,
  title = {Project code on {GitHub}},
  howpublished = {\url{https://github.com/McDaniots/gene_cancer_ML}},
}

@misc{repo,
  title = {{UCI Machine Learning Repository, gene expression cancer RNA-Seq Data Set}},
  howpublished = {\url{https://archive.ics.uci.edu/ml/datasets/gene+expression+cancer+RNA-Seq}},
  note = {Online: 2019-09-23}
}

@misc{pandas,
  title = {{Pandas Data Analysis Library}},
  howpublished = {\url{https://pandas.pydata.org}},
  note = {Online: 2019-09-23}
}

@misc{sk,
  title = {Scikit-learn},
  howpublished = {\url{https://scikit-learn.org/stable/index.html}},
  note = {Online: 2019-09-23}
}

@misc{keras,
  title = {{Keras: The Python Deep Learning Library}},
  howpublished = {\url{https://keras.io/}},
  note = {Online: 2019-09-23}
}

@misc{torch,
  title = {PyToch},
  howpublished = {\url{https://pytorch.org/}},
  note = {Online: 2019-09-23}
}

@article{kingma2014adam,
  title={Adam: A method for stochastic optimization},
  author={Kingma, Diederik P and Ba, Jimmy},
  journal={arXiv preprint arXiv:1412.6980},
  year={2014}
}

@misc{pm,
  title = {{ELI5's Permutation Importance}},
  howpublished = {\url{https://eli5.readthedocs.io/en/latest/blackbox/permutation_importance.html}},
  note = {Online: 2019-09-23}
}

@article{weinstein2013cancer,
  title={The cancer genome atlas pan-cancer analysis project},
  author={Weinstein, John N and Collisson, Eric A and Mills, Gordon B and Shaw, Kenna R Mills and Ozenberger, Brad A and Ellrott, Kyle and Shmulevich, Ilya and Sander, Chris and Stuart, Joshua M and Cancer Genome Atlas Research Network and others},
  journal={Nature genetics},
  volume={45},
  number={10},
  pages={1113},
  year={2013},
  publisher={Nature Publishing Group}
}

@book{geron2017hands,
  title={Hands-on machine learning with Scikit-Learn and TensorFlow: concepts, tools, and techniques to build intelligent systems},
  author={G{\'e}ron, Aur{\'e}lien},
  year={2017},
  publisher={" O'Reilly Media, Inc."}
}

@book{bishop2006pattern,
  title={Pattern recognition and machine learning},
  author={Bishop, Christopher M},
  year={2006},
  publisher={springer}
}

@article{hertz1991introduction,
  title={Introduction to the theory of neural computation},
  author={Hertz, John and Krogh, Anders and Palmer, Richard G and Horner, Heinz},
  journal={Physics Today},
  volume={44},
  pages={70},
  year={1991}
}

@misc{Dua:2019 ,
author = "Dua, Dheeru and Graff, Casey",
year = "2017",
title = "{UCI} Machine Learning Repository",
url = "http://archive.ics.uci.edu/ml",
institution = "University of California, Irvine, School of Information and Computer Sciences" } 

@misc{skorch,
  title = {Skorch},
  howpublished = {\url{https://skorch.readthedocs.io/en/stable/#}},
  note = {Online: 2019-09-23}
}